<record xmlns="http://www.loc.gov/MARC21/slim" xmlns:xsi="http://www.w3.org/2001/XMLSchema-instance" xsi:schemaLocation="http://www.loc.gov/MARC21/slim http://www.loc.gov/standards/marcxml/schema/MARC21slim.xsd">

  <leader>00618nam a2200157Ia 4500</leader>
  <datafield ind1=" " ind2=" " tag="999">
    <subfield code="c">1776</subfield>
    <subfield code="d">1776</subfield>
  </datafield>
  <controlfield tag="008">141002s2008    sp            000 | und d</controlfield>
  <datafield ind2=" " tag="090" ind1=" ">
    <subfield code="a">06.03.06 </subfield>
    <subfield code="b">1906</subfield>
  </datafield>
  <datafield ind2=" " tag="100" ind1="1">
    <subfield code="a">Murillo Rojas, Marielos</subfield>
    <subfield code="9">90</subfield>
  </datafield>
  <datafield tag="245" ind2="3" ind1="1">
    <subfield code="a">La enseñanza de la lengua española en la educación primaria costarricense. Aportes de la investigación linguística y educativa / </subfield>
    <subfield code="c">Marielos Murillo Rojas</subfield>
  </datafield>
  <datafield ind1=" " ind2=" " tag="260">
    <subfield code="a">[Madrid] : </subfield>
    <subfield code="b">[Editorial Vervuert],</subfield>
    <subfield code="c">2008</subfield>
  </datafield>
  <datafield tag="300" ind2=" " ind1=" ">
    <subfield code="a">24 páginas</subfield>
  </datafield>
  <datafield ind1=" " tag="500" ind2=" ">
    <subfield code="a">Separata de la Revista Internacional de Linguistica Iberoamericana No.11, p. 31-55</subfield>
  </datafield>
  <datafield ind1="1" ind2="4" tag="650">
    <subfield code="a">EDUCACIÓN PRIMARIA</subfield>
    <subfield code="9">367</subfield>
  </datafield>
  <datafield ind1="1" tag="650" ind2="4">
    <subfield code="a">LINGÜISTICA </subfield>
    <subfield code="9">674</subfield>
  </datafield>
  <datafield ind1="1" tag="650" ind2="4">
    <subfield code="a">ENSEÑANZA</subfield>
    <subfield code="9">14</subfield>
  </datafield>
  <datafield ind1=" " tag="942" ind2=" ">
    <subfield code="2">z</subfield>
    <subfield code="c">03</subfield>
  </datafield>
</record>